
@article{madeira04,
  title = { Biclustering algorithms for biological data analysis: a
                  survey },
  author = { Madeira, S.C. and Oliveira, A.L. },
  journal = { IEEE/ACM Transactions on Computational Biology and
                  Bioinformatics },
  volume = { 1 }, 
  issue = { 1 },
  year = { 2004 },
  pages = { 24--45 }
}

@article{isa,
  author =  { Bergmann, S. and Ihmels, J. and Barkai, N. },
  year = { 2003 },
  title = { Iterative signature algorithm for the analysis of
                  large-scale gene expression data },
  journal = { Phys Rev E Nonlin Soft Matter Phys}, 
  pages = { 031902 }
}

@article{isapackage,
  author = { Cs\'ardi, G. }, 
  year = { 2009 },
  title = { isa2: The Iterative Signature Algorithm }, 
  note = { R package version 0.2. }
}

@article{ev,
  author = { Andreas Luscher },
  year = { 2009 },
  title = { ExpressionView: Visualize overlapping biclusters },
  note = { R package version 0.2. }
}

@article{eisapackage,
  author = { Cs\'ardi, G. }, 
  year = { 2009 },
  title = { eisa: The Iterative Signature Algorithm for Gene Expression Data}, 
  note = { R package version 0.2. }
}

@article{sa,
  author = { Ihmels, J. and Friedlander, G. and Bergmann, S. and
                  Sarig, O. and Ziv, Y. and Barkai, N. },
  year = { 2002 },
  title = { Revealing modular organization in the yeast
                  transcriptional network },
  journal = { Nat Genet }, 
  pages = { 370--377 }
}

@article{isamod,
  author = { Ihmels, J. and Bergmann, S. and Barkai, N. },
  year = { 2004 },
  title = { Defining transcription modules using large-scale gene
                  expression data. },
  journal = { Bioinformatics }, 
  pages = { 1993--2003 }
}

@article{biclust,
  author = { Sebastian Kaiser and Rodrigo Santamaria and Roberto
                  Theron and Luis Quintales and Friedrich Leisch },
  year = { 2009 },
  title = { biclust: BiCluster Algorithms },
  note = { R package version 0.7.2. }
}

@article{turner03,
  author = { Heather Turner and Trevor Bailey and Wojtek Krzanowski },
  title = { Improved biclustering of microarray data
     demonstrated through systematic performance tests },
  journal = { Computational Statistics and Data Analysis },
  year = { 2003 }, 
  volume = { 48 }, 
  pages = { 235--254 }
}
