../eisa/inst/doc/EISA.bib