%% This BibTeX bibliography file was created using BibDesk.
%% http://bibdesk.sourceforge.net/


%% Created for Andreas LÃ¼scher at 2009-09-16 11:35:15 +0200 


%% Saved with string encoding Unicode (UTF-8) 



@article{madeira04,
	Author = {Madeira, S.C. and Oliveira, A.L.},
	Date-Added = {2009-09-16 10:08:38 +0200},
	Date-Modified = {2009-09-16 10:08:38 +0200},
	Issue = {1},
	Journal = {IEEE/ACM Transactions on Computational Biology and Bioinformatics},
	Pages = {24--45},
	Title = {Biclustering algorithms for biological data analysis: a survey},
	Volume = {1},
	Year = {2004}}

@techreport{kaiser08,
	Author = {Sebastian Kaiser and Friedrich Leisch},
	Date-Added = {2009-09-12 14:51:55 +0200},
	Date-Modified = {2009-09-12 14:54:27 +0200},
	Institution = {Department of Statistics, University of Munich},
	Number = {028},
	Title = {A Toolbox for Bicluster Analysis in R},
	Url = {http://epub.ub.uni-muenchen.de/3293/},
	Year = {2008},
	Bdsk-File-1 = {YnBsaXN0MDDUAQIDBAUIJidUJHRvcFgkb2JqZWN0c1gkdmVyc2lvblkkYXJjaGl2ZXLRBgdUcm9vdIABqAkKFRYXGyIjVSRudWxs0wsMDQ4RFFpOUy5vYmplY3RzV05TLmtleXNWJGNsYXNzog8QgASABqISE4ACgAOAB1lhbGlhc0RhdGFccmVsYXRpdmVQYXRo0hgNGRpXTlMuZGF0YU8RAXQAAAAAAXQAAgAABGRhdGEAAAAAAAAAAAAAAAAAAAAAAAAAAAAAAMZBf05IKwAAAAAAnBRTX0thaXNlcl9iaWNsdXN0LnBkZgAAAAAAAAAAAAAAAAAAAAAAAAAAAAAAAAAAAAAAAAAAAAAAAAAAAAAAAAAALjBgxs/P1wAAAAAAAAAAAAQAAgAACQAAAAAAAAAAAAAAAAAAAAAJRG93bmxvYWRzAAAQAAgAAMZBYy4AAAARAAgAAMbPs7cAAAABAAgAAACcAAAAXQACAChkYXRhOmFuZGk6RG93bmxvYWRzOlNfS2Fpc2VyX2JpY2x1c3QucGRmAA4AKgAUAFMAXwBLAGEAaQBzAGUAcgBfAGIAaQBjAGwAdQBzAHQALgBwAGQAZgAPAAoABABkAGEAdABhABIAJC9hbmRpL0Rvd25sb2Fkcy9TX0thaXNlcl9iaWNsdXN0LnBkZgATAA0vVm9sdW1lcy9kYXRhAAAVAAIAEv//AACABdIcHR4fWCRjbGFzc2VzWiRjbGFzc25hbWWjHyAhXU5TTXV0YWJsZURhdGFWTlNEYXRhWE5TT2JqZWN0XxAqLi4vLi4vLi4vLi4vRG93bmxvYWRzL1NfS2Fpc2VyX2JpY2x1c3QucGRm0hwdJCWiJSFcTlNEaWN0aW9uYXJ5EgABhqBfEA9OU0tleWVkQXJjaGl2ZXIACAARABYAHwAoADIANQA6ADwARQBLAFIAXQBlAGwAbwBxAHMAdgB4AHoAfACGAJMAmACgAhgCGgIfAigCMwI3AkUCTAJVAoIChwKKApcCnAAAAAAAAAIBAAAAAAAAACgAAAAAAAAAAAAAAAAAAAKu}}

@article{csardi09,
	Author = {G{\'a}bor Cs{\'a}rdi and Zolt{\'a}n Kutalik and Sven Bergmann},
	Date-Added = {2009-09-09 09:42:27 +0200},
	Date-Modified = {2009-09-09 09:50:07 +0200},
	Journal = {Bioinformatics},
	Title = {EISA},
	Year = {2009}}

@article{gentleman04,
	Abstract = {The Bioconductor project is an initiative for the collaborative creation of extensible software for computational biology and bioinformatics. The goals of the project include: fostering collaborative development and widespread use of innovative software, reducing barriers to entry into interdisciplinary scientific research, and promoting the achievement of remote reproducibility of research results. We describe details of our aims and methods, identify current challenges, compare Bioconductor to other open bioinformatics projects, and provide working examples.},
	Author = {Gentleman, Robert C and Carey, Vincent J and Bates, Douglas M and Bolstad, Ben and Dettling, Marcel and Dudoit, Sandrine and Ellis, Byron and Gautier, Laurent and Ge, Yongchao and Gentry, Jeff and Hornik, Kurt and Hothorn, Torsten and Huber, Wolfgang and Iacus, Stefano and Irizarry, Rafael and Leisch, Friedrich and Li, Cheng and Maechler, Martin and Rossini, Anthony J and Sawitzki, Gunther and Smith, Colin and Smyth, Gordon and Tierney, Luke and Yang, Jean Y H and Zhang, Jianhua},
	Date-Added = {2009-09-06 20:57:14 +0200},
	Date-Modified = {2009-09-08 14:31:17 +0200},
	Doi = {10.1186/gb-2004-5-10-r80},
	Journal = {Genome Biol},
	Journal-Full = {Genome biology},
	Mesh = {Computational Biology; Internet; Reproducibility of Results; Software},
	Number = {10},
	Pages = {R80},
	Pmid = {15461798},
	Title = {Bioconductor: open software development for computational biology and bioinformatics},
	Volume = {5},
	Year = {2004},
	Bdsk-File-1 = {YnBsaXN0MDDUAQIDBAUIJidUJHRvcFgkb2JqZWN0c1gkdmVyc2lvblkkYXJjaGl2ZXLRBgdUcm9vdIABqAkKFRYXGyIjVSRudWxs0wsMDQ4RFFpOUy5vYmplY3RzV05TLmtleXNWJGNsYXNzog8QgASABqISE4ACgAOAB1lhbGlhc0RhdGFccmVsYXRpdmVQYXRo0hgNGRpXTlMuZGF0YU8RAXQAAAAAAXQAAgAABGRhdGEAAAAAAAAAAAAAAAAAAAAAAAAAAAAAAMZBf05IKwAAAAAAnBRnYi0yMDA0LTUtMTAtcjgwLnBkZgAAAAAAAAAAAAAAAAAAAAAAAAAAAAAAAAAAAAAAAAAAAAAAAAAAAAAAAAAALZMdxsnSvAAAAAAAAAAAAAQAAgAACQAAAAAAAAAAAAAAAAAAAAAJRG93bmxvYWRzAAAQAAgAAMZBYy4AAAARAAgAAMbJtpwAAAABAAgAAACcAAAAXQACAChkYXRhOmFuZGk6RG93bmxvYWRzOmdiLTIwMDQtNS0xMC1yODAucGRmAA4AKgAUAGcAYgAtADIAMAAwADQALQA1AC0AMQAwAC0AcgA4ADAALgBwAGQAZgAPAAoABABkAGEAdABhABIAJC9hbmRpL0Rvd25sb2Fkcy9nYi0yMDA0LTUtMTAtcjgwLnBkZgATAA0vVm9sdW1lcy9kYXRhAAAVAAIAEv//AACABdIcHR4fWCRjbGFzc2VzWiRjbGFzc25hbWWjHyAhXU5TTXV0YWJsZURhdGFWTlNEYXRhWE5TT2JqZWN0XxAqLi4vLi4vLi4vLi4vRG93bmxvYWRzL2diLTIwMDQtNS0xMC1yODAucGRm0hwdJCWiJSFcTlNEaWN0aW9uYXJ5EgABhqBfEA9OU0tleWVkQXJjaGl2ZXIACAARABYAHwAoADIANQA6ADwARQBLAFIAXQBlAGwAbwBxAHMAdgB4AHoAfACGAJMAmACgAhgCGgIfAigCMwI3AkUCTAJVAoIChwKKApcCnAAAAAAAAAIBAAAAAAAAACgAAAAAAAAAAAAAAAAAAAKu},
	Bdsk-Url-1 = {http://dx.doi.org/10.1186/gb-2004-5-10-r80}}

@article{grothaus06,
	Abstract = {BACKGROUND:Biclustering has emerged as a powerful algorithmic tool for analyzing measurements of gene expression. A number of different methods have emerged for computing biclusters in gene expression data. Many of these algorithms may output a very large number of biclusters with varying degrees of overlap. There are no systematic methods that create a two-dimensional layout of the computed biclusters and display overlaps between them.RESULTS:We develop a novel algorithm for laying out biclusters in a two-dimensional matrix whose rows (respectively, columns) are rows (respectively, columns) of the original dataset. We display each bicluster as a contiguous submatrix in the layout. We allow the layout to have repeated rows and/or columns from the original matrix as required, but we seek a layout of the smallest size. We also develop a web-based search interface for the user to query the genes and samples of interest and visualise the layout of biclusters matching the queries.CONCLUSION:We demonstrate the usefulness of our approach on gene expression data for two types of leukaemia and on protein-DNA binding data for two growth conditions in Saccharomyces cerevisiae. The software implementing the layout algorithm is available at http://bioinformatics.cs.vt.edu/~murali/papers/bivoc.},
	Author = {Grothaus, Gregory and Mufti, Adeel and Murali, TM},
	Date-Added = {2009-09-04 14:53:00 +0200},
	Date-Modified = {2009-09-04 14:53:24 +0200},
	Doi = {10.1186/1748-7188-1-15},
	Issn = {1748-7188},
	Journal = {Algorithms for Molecular Biology},
	Number = {1},
	Pages = {15},
	Pubmedid = {16952321},
	Title = {Automatic layout and visualization of biclusters},
	Url = {http://www.almob.org/content/1/1/15},
	Volume = {1},
	Year = {2006},
	Bdsk-File-1 = {YnBsaXN0MDDUAQIDBAUIJidUJHRvcFgkb2JqZWN0c1gkdmVyc2lvblkkYXJjaGl2ZXLRBgdUcm9vdIABqAkKFRYXGyIjVSRudWxs0wsMDQ4RFFpOUy5vYmplY3RzV05TLmtleXNWJGNsYXNzog8QgASABqISE4ACgAOAB1lhbGlhc0RhdGFccmVsYXRpdmVQYXRo0hgNGRpXTlMuZGF0YU8RAYgAAAAAAYgAAgAABGRhdGEAAAAAAAAAAAAAAAAAAAAAAAAAAAAAAMZBf05IKwAAABmapAxvcmRlcmluZy5wZGYAAAAAAAAAAAAAAAAAAAAAAAAAAAAAAAAAAAAAAAAAAAAAAAAAAAAAAAAAAAAAAAAAAAAALQgZxsaOSQAAAAAAAAAAAAEAAgAACQAAAAAAAAAAAAAAAAAAAAAKbGl0ZXJhdHVyZQAQAAgAAMZBYy4AAAARAAgAAMbGcikAAAABABQAGZqkAAyk/AAAQskAAAGbAAAAXQACADRkYXRhOmFuZGk6RG9jdW1lbnRzOndvcms6YmlvOmxpdGVyYXR1cmU6b3JkZXJpbmcucGRmAA4AGgAMAG8AcgBkAGUAcgBpAG4AZwAuAHAAZABmAA8ACgAEAGQAYQB0AGEAEgAwL2FuZGkvRG9jdW1lbnRzL3dvcmsvYmlvL2xpdGVyYXR1cmUvb3JkZXJpbmcucGRmABMADS9Wb2x1bWVzL2RhdGEAABUAAgAS//8AAIAF0hwdHh9YJGNsYXNzZXNaJGNsYXNzbmFtZaMfICFdTlNNdXRhYmxlRGF0YVZOU0RhdGFYTlNPYmplY3RfEBouLi9saXRlcmF0dXJlL29yZGVyaW5nLnBkZtIcHSQloiUhXE5TRGljdGlvbmFyeRIAAYagXxAPTlNLZXllZEFyY2hpdmVyAAgAEQAWAB8AKAAyADUAOgA8AEUASwBSAF0AZQBsAG8AcQBzAHYAeAB6AHwAhgCTAJgAoAIsAi4CMwI8AkcCSwJZAmACaQKGAosCjgKbAqAAAAAAAAACAQAAAAAAAAAoAAAAAAAAAAAAAAAAAAACsg==},
	Bdsk-Url-1 = {http://dx.doi.org/10.1186/1748-7188-1-15}}

@article{bergmann03,
	Author = {Sven Bergmann and Jan Ihmels and Naama Barkai},
	Date-Added = {2009-09-04 14:35:15 +0200},
	Date-Modified = {2009-09-16 11:34:47 +0200},
	Doi = {10.1103/PhysRevE.67.031902},
	Eid = {031902},
	Journal = {Physical Review E},
	Keywords = {iterative methods; genetics; molecular biophysics},
	Number = {3},
	Numpages = {18},
	Pages = {031902},
	Publisher = {APS},
	Title = {Iterative signature algorithm for the analysis of large-scale gene expression data},
	Url = {http://link.aps.org/abstract/PRE/v67/e031902},
	Volume = {67},
	Year = {2003},
	Bdsk-File-1 = {YnBsaXN0MDDUAQIDBAUIJidUJHRvcFgkb2JqZWN0c1gkdmVyc2lvblkkYXJjaGl2ZXLRBgdUcm9vdIABqAkKFRYXGyIjVSRudWxs0wsMDQ4RFFpOUy5vYmplY3RzV05TLmtleXNWJGNsYXNzog8QgASABqISE4ACgAOAB1lhbGlhc0RhdGFccmVsYXRpdmVQYXRo0hgNGRpXTlMuZGF0YU8RAYYAAAAAAYYAAgAABGRhdGEAAAAAAAAAAAAAAAAAAAAAAAAAAAAAAMZBf05IKwAAABmapAtlMDMxOTAyLnBkZgAAAAAAAAAAAAAAAAAAAAAAAAAAAAAAAAAAAAAAAAAAAAAAAAAAAAAAAAAAAAAAAAAAAAAAGZqmxYmHkwAAAAAAAAAAAAEAAgAACQAAAAAAAAAAAAAAAAAAAAAKbGl0ZXJhdHVyZQAQAAgAAMZBYy4AAAARAAgAAMWJeYMAAAABABQAGZqkAAyk/AAAQskAAAGbAAAAXQACADNkYXRhOmFuZGk6RG9jdW1lbnRzOndvcms6YmlvOmxpdGVyYXR1cmU6ZTAzMTkwMi5wZGYAAA4AGAALAGUAMAAzADEAOQAwADIALgBwAGQAZgAPAAoABABkAGEAdABhABIALy9hbmRpL0RvY3VtZW50cy93b3JrL2Jpby9saXRlcmF0dXJlL2UwMzE5MDIucGRmAAATAA0vVm9sdW1lcy9kYXRhAAAVAAIAEv//AACABdIcHR4fWCRjbGFzc2VzWiRjbGFzc25hbWWjHyAhXU5TTXV0YWJsZURhdGFWTlNEYXRhWE5TT2JqZWN0XxAZLi4vbGl0ZXJhdHVyZS9lMDMxOTAyLnBkZtIcHSQloiUhXE5TRGljdGlvbmFyeRIAAYagXxAPTlNLZXllZEFyY2hpdmVyAAgAEQAWAB8AKAAyADUAOgA8AEUASwBSAF0AZQBsAG8AcQBzAHYAeAB6AHwAhgCTAJgAoAIqAiwCMQI6AkUCSQJXAl4CZwKDAogCiwKYAp0AAAAAAAACAQAAAAAAAAAoAAAAAAAAAAAAAAAAAAACrw==},
	Bdsk-Url-1 = {http://dx.doi.org/10.1103/PhysRevE.67.031902}}
