@article{vandeun09,
  author = { Van Deun, K and Hoijtink, H and Thorrez, L and 
             Van Lommel, L and Schuit, F and Van Mechelen, I },
  title = { Testing the hypothesis of tissue selectivity: 
            the intersection-union test and a Bayesian approach },
  journal = { Bioinformatics },
  volume = { 25 },
  pages = { 2588--2594 },
  year = { 2009 }
}

@Article{gautier04,
    author = {Laurent Gautier and Leslie Cope and Benjamin M. Bolstad and 
              Rafael A. Irizarry},
    title = {affy---analysis of Affymetrix GeneChip data at the probe level},
    journal = {Bioinformatics},
    volume = {20},
    number = {3},
    year = {2004},
    issn = {1367-4803},
    pages = {307--315},
    doi = {http://dx.doi.org/10.1093/bioinformatics/btg405},
    publisher = {Oxford University Press},
    address = {Oxford, UK},
}

@article{davis07,
    author = {Sean Davis and Paul Meltzer},
    title = {GEOquery: a bridge between the Gene Expression Omnibus (GEO) 
             and BioConductor},
    journal = {Bioinformatics},
    year = {2007},
    volume = {14},
    pages = {1846--1847},
}

@techreport{wu03,
  author = { Wu, Z. and Irizarry, R.A. and Gentleman, R. and
             Murillo, F.M. and Spencer, F. },
  title = { A Model Based Background Adjustment for Oligonucleotide
                  Expression Arrays },
  institution = { John Hopkins University, Department of Biostatistics Working
                  Papers, Baltimore, MD }, 
  year = { 2003 }
}

@article{go00,
  author = { The Gene Ontology Consortium }, 
  title = { Gene ontology: tool for the unification 
                  of biology },
  journal = { Nature Genetics },
  year = { 2000 }, 
  volume = { 25 },
  number = { 1 },
  pages = { 25--29 }
}

@article{kanehisa00,
  author = { Kanehisa, M. and Goto, S. },
  title = { KEGG: Kyoto Encyclopedia of Genes
                  and Genomes },
  journal = { Nucleic Acids Research },
  volume = { 28 }, 
  pages = { 27--30 },
  year = { 2000 }
}

@Article{bergmann03,
author = "Bergmann, S and Ihmels, J and Barkai, N",
title = {Iterative signature algorithm for the analysis of large-scale
                  gene expression data},
journal = "Physical Review E",
year = "2003",
volume = "67",
pages = "031902",
month = "Mar",
pmid = "12689096",
}

@article{thorrez08,
  author = { Thorrez, L and Van Deun, K, and Tranchevent, LC and
             Van Lommel, L and Engelen, K and Marchal, K and 
             Moreau, Y and Van Mechelen, I and Schuit F },
  title = { Using ribosomal protein genes as reference: a tale of
                  caution }, 
  journal = { PLoS One },
  year = { 2008 }, 
  volume = { 3 }
}

@article{barret09, 
  title = { NCBI GEO: archive for high-throughput functional genomic
                  data },
  author = { Barrett, T and Troup, DB and Wilhite, SE and Ledoux, P
                  and Rudnev, D and Evangelista, C and Kim, IF and
                  Soboleva, A and Tomashevsky, M and Marshall, KA and
                  Phillippy, KH and Sherman, PM and Muertter, RN and
                  Edgar R },
  journal = { Nucleic Acids Research },
  year = { 2009 },
  volume = { 37 },
  pages = { D885--90 }
}

