
@article{madeira04,
  title = { Biclustering algorithms for biological data analysis: a
                  survey },
  author = { Madeira, S.C. and Oliveira, A.L. },
  journal = { IEEE/ACM Transactions on Computational Biology and
                  Bioinformatics },
  volume = { 1 }, 
  issue = { 1 },
  year = { 2004 },
  pages = { 24--45 }
}

@article{isa,
  author =  { Bergmann, S. and Ihmels, J. and Barkai, N. },
  year = { 2003 },
  title = { Iterative signature algorithm for the analysis of
                  large-scale gene expression data },
  journal = { Phys Rev E Nonlin Soft Matter Phys}, 
  pages = { 031902 }
}

@manual{isapackage,
  author = { Cs\'ardi, G. }, 
  year = { 2009 },
  title = { isa2: The Iterative Signature Algorithm }, 
  note = { R package version 0.2. }
}

@manual{eisapackage,
  author = { Cs\'ardi, G. }, 
  year = { 2009 },
  title = { eisa: The Iterative Signature Algorithm for Gene Expression Data}, 
  note = { R package version 0.2. }
}

@article{sa,
  author = { Ihmels, J. and Friedlander, G. and Bergmann, S. and
                  Sarig, O. and Ziv, Y. and Barkai, N. },
  year = { 2002 },
  title = { Revealing modular organization in the yeast
                  transcriptional network },
  journal = { Nat Genet }, 
  pages = { 370--377 }
}

@article{isamod,
  author = { Ihmels, J. and Bergmann, S. and Barkai, N. },
  year = { 2004 },
  title = { Defining transcription modules using large-scale gene
                  expression data. },
  journal = { Bioinformatics }, 
  pages = { 1993--2003 }
}

@Manual{biclust,
  title = {biclust: BiCluster Algorithms},
  author = {Sebastian Kaiser and Rodrigo Santamaria and Roberto Theron and Luis Quintales and Friedrich Leisch.},
  year = {2009},
  note = {R package version 0.8.1},
  url = {http://CRAN.R-project.org/package=biclust},
}

@Manual{R,
    title = {R: A Language and Environment for Statistical Computing},
    author = {{R Development Core Team}},
    organization = {R Foundation for Statistical Computing},
    address = {Vienna, Austria},
    year = {2009},
    note = {{ISBN} 3-900051-07-0},
    url = {http://www.R-project.org},
}

@Article{BioC,
    author = {Robert C Gentleman and Vincent J. Carey and Douglas M. Bates and others},
    title = {Bioconductor: Open software development for computational biology and bioinformatics},
    journal = {Genome Biology},
    volume = {5},
    year = {2004},
    pages = {R80},
    url = {http://genomebiology.com/2004/5/10/R80},
}

@Article{johnson07,
    author = { Johnson, WE and Rabinovic, A and Li, C },
    year = { 2007 },
    title = { Adjusting batch effects in microarray expression data
                  using Empirical Bayes methods },
    journal = { Biostatistics },
    volume = { 8 },
    number = { 1 },
    pages = { 118--127 }
}

@article{chiaretti04,
     author = { Sabina Chiaretti and Xiaochun Li and Robert Gentleman
                  and Antonella Vitale and Marco Vignetti and Franco
                  Mandelli and Jerome Ritz and Robin Foa}, 
     title = { Gene expression profile of adult T-cell acute
                  lymphocytic leukemia identifies distinct subsets of
                  patients with different response to therapy and
                  survival },
    journal = { Blood }, 
    year = { 2004 }, 
    volume = { 103 }, 
    number = { 7 }
}

@Article{hackstadt09,
	AUTHOR = {Hackstadt, Amber and Hess, Ann},
	TITLE = {Filtering for increased power for microarray data analysis},
	JOURNAL = {BMC Bioinformatics},
	VOLUME = {10},
	YEAR = {2009},
	NUMBER = {1},
	PAGES = {11},
	DOI = {10.1186/1471-2105-10-11},
	PubMedID = {19133141}
}

@Article{bergmann04,
author = "Bergmann, S and Ihmels, J and Barkai, N",
title = {Similarities and differences in genome-wide expression data
                  of six organisms},  
journal = "PLoS Biol",
year = "2004",
volume = "2",
number = "1",
pages = "",
month = "Jan",
pmid = "14737187",
doi = "10.1371/journal.pbio.0020009"
}

@techreport{sharan02,
   author = { R. Sharan and A. Maron-Katz and N. Arbili and R. Shamir
                  },
   title = {{EXPANDER:} {EXP}ression {AN}alyzer and Display{ER}}, 
   year = { 2002 },
   institution = { Software package, Tel-Aviv University },
   note = { \url{http://www.cs.tau.ac.il/~rshamir/expander/expander.html} }
}

@article{tanay04, 
  author = { A. Tanay and R. Sharan and M. Kupiec and R. Shamir },
  title = { Revealing modularity and organization in the yeast
                  molecular network by integrated analysis of highly
                  heterogeneous genomewide data },
  journal = { Proc Natl Acad Sci USA }, 
  volume = { 101 },
  number = { 9 },
  pages = { 2981-–2986 }, 
  year = { 2004 }
}

@article{barkow06,
  year = { 2006 },
  title = { Bic{AT}: a biclustering analysis toolbox },
  journal = { Bioinformatics }, 
  volume = { 22 }, 
  pages = { 1282–-1283 },
  author = { Simon Barkow and Stefan Bleuler and Amela Prelic and
                  Philip Zimmermann and Eckart Zitzler }
}

@inproceedings{cheng00,
  author = { Cheng, Y and Church, GM },
  year = { 2000 },
  title = { Biclustering of expression data},
  booktitle = { Proceedings of the 8th International
                  Conference on Intelligent Systems for Molecular
                  Biology },
  pages = { 93-–103 }
}

@article{getz00,
  title = { Coupled two-way clustering analysis of gene microarray
                  data },
  author = { Gad Getz and Erel Levine and Eytan Domany },
  journal = { Proc. Natl Acad. Sci. USA }, 
  volume = { 97 }, 
  pages = { 12079–-12804 },
  year = { 2000 },
}

@article{califano00,
  title = { Analysis of gene expression microarays for phenotype
                  classification },
  year = { 2000 },
  author = { Andrea Califano and Gustavo Stolovitzky and Yunai Tu },
  booktitle = { Proceedings of the International Conference on Computacional
                  Molecular Biology },
  pages = { 75--85 }
}

@incollection{tanay05,
  author = { A. Tanay and R. Sharan and R. Shamir },
  title = { Biclustering algorithms: A survey },
  editor = { Srinivas Aluru },
  booktitle = { Handbook of Computational Molecular Biology },
  publisher = { Chapman \& Hall/CRC }, 
  series = { Computer and Information Science Series },
  year = { 2005 }
}

@article{salwinski04,
  author = { Salwinski, L and Miller, CS and Smith, AJ and Pettit, FK
                  and Bowie, JU and Eisenberg, D },
  title = { The Database of Interacting Proteins: 2004 update },
  journal = { Nucleic Acids Res }, 
  volume = { 32 }, 
  year = { 2004 },
  pages = { D449–-D451 }
}

@article{prelic06,
  author = { Amela Prelic and Stefan Bleuler and Philip Zimmermann and
                  Anja Wille and Peter Bühlmann and Wilhelm Gruissem
                  and Lars Hennig and Lothar Thiele and Eckart Zitzler
                  }, 
  title = { A systematic comparison and evaluation of biclustering
                  methods for gene expression data },
  journal = { Bioinformatics },
  volume = { 22 },
  year = { 2006 },
  pages = { 1122–-1129 }
}

@misc{targetscan,
  note = { \url{http://www.targetscan.org } },
  key = { TargetScan },
  year = { 2009 }
}

